% Encoding: UTF-8


@Article{aldalur2002,
  Title                    = {Realce de im{\'a}genes: filtrado espacial},
  Author                   = {Aldalur, B and Santamaría, M.},
  Pages                    = {31--42},
  Volume                   = {17},
  Year                     = {2002},
  Journal                  = {Revista de Teledetecci{\'o}n}
}

@Manual{Ariza2013,
  Title                    = {Descripción y Corrección de Productos de Landsat 8 LDCM (Landsat Data Continuity Mision)},
  Author                   = {Ariza, Alexander},
  Edition                  = {1},
  Organization             = {Instituto Geográfico Agustín Codazzi (IGAC)},
  Year                     = {2013}
}

@Article{Berlanga-Robles2007,
  Title                    = {Analisis de las Tendencias de Cambio del Bosque de Mangle del Sistema Lagunar Teacap{\'a}n-Agua Brava, Mexico. Una aproximaci{\'o}n con el Uso de Im{\'a}genes de Sat{\'e}lite Landsat},
  Author                   = {Berlanga-Robles, C. A. and Ruiz-Luna, A.},
  Number                   = {1},
  Pages                    = {29--46},
  Volume                   = {23},
  Year                     = {2007},
  Journal                  = {Universidad y Ciencia Tr{\'o}pico H{\'u}medo}
}

@Article{bodart2011pre,
  Title                    = {Pre-processing of a sample of multi-scene and multi-date Landsat imagery used to monitor forest cover changes over the tropics},
  Author                   = {Bodart, Catherine and Eva, Hugh and Beuchle, Ren{\'e} and Ra{\v{s}}i, Rastislav and Simonetti, Dario and Stibig, Hans-J{\"u}rgen and Brink, Andreas and Lindquist, Erik and Achard, Fr{\'e}d{\'e}ric},
  Number                   = {5},
  Pages                    = {555--563},
  Volume                   = {66},
  Year                     = {2011},
  Journal                  = {ISPRS Journal of Photogrammetry and Remote Sensing},
  Publisher                = {Elsevier}
}

@Manual{Brachet2003,
  Title                    = {TeX Maker: The Universal LaTeX Editor},
  Author                   = {Brachet, Pascal},
  URL                      = {http://www.xm1math.net/texmaker/},
  Year                     = {2003-2014}
}

@Article{brizuela2007aplicacion,
  Title                    = {Aplicaci{\'o}n de m{\'e}todos de correcci{\'o}n atmosf{\'e}rica de datos Landsat 5 para an{\'a}lisis multitemporal},
  Author                   = {Brizuela, Armando and Aguirre, C{\'e}sar and Velasco, In{\'e}s},
  Year                     = {2007},
  Journal                  = {Ciudad Aut{\'o}noma de Buenos Aires. Argentina}
}

@Article{cajacuri2011medicion,
  Title                    = {Medici{\'o}n de la deforestaci{\'o}n mediante percepci{\'o}n remota en la microcuenca r{\'\i}o Supte, Tingo Mar{\'\i}a--Per{\'u}},
  Author                   = {Cajacuri, Miguel {\'A}ngel Laurente},
  Number                   = {11},
  Pages                    = {1--15},
  Year                     = {2011},
  Journal                  = {Revista Internacional de Ciencia y Tecnolog{\'\i}a de la Informaci{\'o}n Geogr{\'a}fica}
}

@Article{carvachobart2010,
  Title                    = {Comparación de índices de vegetación a partir de imágenes MODIS en la región del Libertador Bernardo O’Higgins, Chile, en el período 2001-2005},
  Author                   = {Carvacho Bart, Luis and Sánchez Martínez, Marcela},
  Pages                    = {728-737},
  Year                     = {2010},
  Journal                  = {Tecnologías de la Información Geográfica: La Información Geográfica al servicio de los ciudadanos}
}

@TechReport{mexico1999honduras,
  Title                    = {Honduras: evaluaci{\'o}n de los da{\~n}os ocasionados por el Hurac{\'a}n Mitch, 1998. Sus implicaciones para el desarrollo econ{\'o}mico y social y el medio ambiente},
  Author                   = {Naciones Unidas - CEPAL},
  Institution              = {LC/MEX/L. 367), 26 de enero de},
  URL                      = {http://www.cepal.org/publicaciones/xml/1/15501/l367-1.pdf},
  Year                     = {1999},
  File                     = {Evaluación de daños Mitch:/home/marcos/Dropbox/Clase/TFG/01.Documentación/Evaluación de daños Mitch.pdf:PDF}
}

@Article{chen2013multi,
  Title                    = {Multi-Decadal Mangrove Forest Change Detection and Prediction in Honduras, Central America, with Landsat Imagery and a Markov Chain Model},
  Author                   = {Chen, Chi-Farn and Son, Nguyen-Thanh and Chang, Ni-Bin and Chen, Cheng-Ru and Chang, Li-Yu and Valdez, Miguel and Centeno, Gustavo and Thompson, Carlos Alberto and Aceituno, Jorge Luis},
  Number                   = {12},
  Pages                    = {6408--6426},
  Volume                   = {5},
  Year                     = {2013},
  Journal                  = {Remote Sensing},
  Publisher                = {Multidisciplinary Digital Publishing Institute}
}

@Book{chuvieco2002teledeteccion,
  Title                    = {Teledetecci{\'o}n Ambiental: La observaci{\'o}n de la Tierra desde el Espacio},
  Author                   = {Chuvieco Salinero, Emilio},
  Edition                  = {2010},
  Publisher                = {Ariel, Planeta},
  Year                     = {2002}
}

@Book{anuario2013,
  Title                    = {Anuario Estadístico Forestal 2013},
  Author                   = {CIPF},
  Month                    = {Julio},
  Number                   = {28},
  Publisher                = {Instituto Nacional de Conservación y Desarrollo Forestal, Áreas Protegidas y Vida Silvestre (ICF)},
  Volume                   = {28},
  Year                     = {2014},
  File                     = {:/home/marcos/Dropbox/Clase/TFG/01.Documentación/Anuario_2013.pdf:PDF}
}

@Manual{Congedo2015,
  Title                    = {Semi-Automatic Classification Plugin Documentation (Release 4.3.0)},
  Author                   = {Luca Congedo},
  URL                      = {https://media.readthedocs.org/pdf/semiautomaticclassificationmanual-v4/latest/semiautomaticclassificationmanual-v4.pdf},
  Year                     = {2015},
  Month                    = {April}
}

@Article{andinofase1,
  Title                    = {Catálogo de firmas espectrales de especies florales, en la Ciudad Universitaria, Tegucigalpa, Fase 1},
  Author                   = {Corrales Andino, Rafael Enrique},
  Number                   = {1},
  URL                      = {http://www.lamjol.info/index.php/CE/article/download/610/435},
  Volume                   = {1},
  Year                     = {2010},
  File                     = {Librerías espectrales:/home/marcos/Dropbox/Clase/TFG/01.Documentación/Andino 2011.pdf:PDF},
  Journal                  = {Revista Ciencias Espaciales}
}

@Article{andinofase2,
  Title                    = {Catálogo de firmas espectrales de especies florales, en la Ciudad Universitaria, Tegucigalpa, Fase 2},
  Author                   = {Corrales Andino, Rafael Enrique},
  Number                   = {1},
  Volume                   = {2},
  Year                     = {2010},
  File                     = {:/home/marcos/MEGA/Clase/TFG/01.Documentación/Andino 2011.pdf:PDF},
  Journal                  = {Revista Ciencias Espaciales}
}

@InProceedings{crespo2000,
  Title                    = {Comparaci{\'o}n del NDVI con el PVI y el SAVI como indicadores para la asignaci{\'o}n de modelos de combustible para la estimaci{\'o}n del riesgo de incendios en Andaluc{\'\i}a},
  Author                   = {Crespo, Mart{\'\i}n Angel Torres and Serrato, Isabel Pino and Ruiz, Laura Granado and Carmona, Arturo Fern{\'a}ndez-Palacios and Alba, M{\'o}nica Aguilar and Rodr{\'\i}guez, Esperanza S{\'a}nchez},
  Booktitle                = {Tecnolog{\'\i}as geogr{\'a}ficas para el desarrollo sostenible: IX Congreso del Grupo de M{\'e}todos Cuantitativos, Sistemas de Informaci{\'o}n Geogr{\'a}fica y Teledetecci{\'o}n, Alcal{\'a} de Henares},
  Organization             = {Universidad de Alcal{\'a}},
  Pages                    = {164 - 174},
  Year                     = {2000}
}

@Book{Curran1991Longman,
  Title                    = {Principles of remote sensing},
  Author                   = {P. Curran},
  Publisher                = {Longman},
  Year                     = {1989}
}

@Article{filippi2007effect,
  Title                    = {Effect of continuum removal on hyperspectral coastal vegetation classification using a fuzzy learning vector quantizer},
  Author                   = {Filippi, Anthony M and Jensen, John R},
  Number                   = {6},
  Pages                    = {1857--1869},
  URL                      = {ftp://137.78.180.197/pub/docs/workshops/02_docs/2002_Underwood_web.pdf},
  Volume                   = {45},
  Year                     = {2007},
  Journal                  = {Geoscience and Remote Sensing, IEEE Transactions on},
  Publisher                = {IEEE}
}

@Book{galindo2001,
  Title                    = {Manual de latex},
  Author                   = {Galindo Riaño, Pedro and López Mesa, Miguel Ángel and Lagares Barreiro, Paula and Espina Aragón, Francisco José and Enriquez de Salamanca, José Manuel and González Barroso, María Ángeles},
  Publisher                = {Servicio de Publicaciones, Universidad},
  Year                     = {2001}
}

@InProceedings{girouard2004validated,
  Title                    = {Validated spectral angle mapper algorithm for geological mapping: comparative study between QuickBird and Landsat-TM},
  Author                   = {Girouard, G and Bannari, A and El Harti, A and Desrochers, A},
  Booktitle                = {XXth ISPRS Congress, Geo-Imagery Bridging Continents, Istanbul, Turkey},
  Pages                    = {12--23},
  Year                     = {2004}
}

@Manual{GADM2012,
  Title                    = {Web GADM},
  Author                   = {{Global Administrative Areas}},
  Organization             = {GADM},
  URL                      = {http://gadm.org/},
  Year                     = {2012},
  Month                    = {January}
}

@Manual{GmbH2015,
  Title                    = {SmartGit, a graphical Git and Mercurial client},
  Author                   = {Syntevo GmbH},
  Year                     = {2015},
  Address                  = {Salzburger Str. 17 83404 Ainring Germany}
}

@Manual{GRASS_GIS_software,
  Title                    = {Geographic Resources Analysis Support System (GRASS GIS) Software},
  Author                   = {{GRASS Development Team}},
  Organization             = {Open Source Geospatial Foundation},
  URL                      = {http://grass.osgeo.org},
  Year                     = {2012},
  Address                  = {USA}
}

@Book{Latex2011,
  Title                    = {Cómo Crear Documentos Científicos de Calidad con Herramientas de Software Libre},
  Author                   = {Luis Alberto Padrón Hernández},
  Edition                  = {1},
  Publisher                = {Universidad de Las Palmas de Gran Canaria},
  Year                     = {2011}
}

@Article{Herz1999,
  Title                    = {Procesamiento digital de im{\'a}genes de sat{\'e}lite para el reconocimiento de patrones en los manglares},
  Author                   = {Herz, Renato},
  Pages                    = {83--108},
  URL                      = {http://www1.inecol.edu.mx/ecosistemasdemanglar/Cap_8.pdf},
  Year                     = {1999},
  File                     = {Procesamiento digital de imágenes:/home/marcos/Dropbox/mangle_acuicultura/cap_8.pdf:PDF},
  Journal                  = {Ecosistemas de Manglar en America Tropical. Instituto de Ecologia, AC M{\'e}xico, UICN/ORMA, Costa Rica, NOAA/NMFS Silver Spring MD USA}
}

@Article{huang2004estimating,
  Title                    = {Estimating foliage nitrogen concentration from HYMAP data using continuum removal analysis},
  Author                   = {Huang, Zhi and Turner, Brian J and Dury, Stephen J and Wallis, Ian R and Foley, William J},
  Number                   = {1},
  Pages                    = {18--29},
  URL                      = {http://www.seit.adfa.edu.au/staff/sites/jiax/home/papers/Estimating_foliage.pdf},
  Volume                   = {93},
  Year                     = {2004},
  File                     = {:/home/marcos/Dropbox/Clase/TFG/01.Documentación/Huang et al. 2004.pdf:PDF},
  Journal                  = {Remote Sensing of Environment},
  Publisher                = {Elsevier}
}

@Book{JARS1999,
  Title                    = {Remote Sensing Note},
  Author                   = {JARS},
  Publisher                = {National Space Development Agency of Japan (NASDA)},
  Year                     = {1999},
  Owner                    = {marcos},
  Timestamp                = {2015.06.15}
}

@Manual{SRTM2008,
  Title                    = {Hole-filled seamless SRTM data V4},
  Author                   = {Jarvis, A. and Reuter, H.I. and Nelson, A. and Guevara, E.},
  Note                     = {http://srtm.csi.cgiar.org},
  Organization             = {International Centre for Tropical Agriculture (CIAT)},
  URL                      = {http://srtm.csi.cgiar.org},
  Year                     = {2008},
  Journal                  = {International Centre for Tropical Agriculture (CIAT)}
}

@Article{Jimenez1994,
  Title                    = {El Manejo de los Manglares en el Pac{\'\i}fico de Centroam{\'e}rica: Usos tradicionales y Potenciales},
  Author                   = {Jim{\'e}nez, Jorge A},
  Pages                    = {275--290},
  URL                      = {http://www1.inecol.edu.mx/ecosistemasdemanglar/cap_18.pdf},
  Year                     = {1994},
  File                     = {El manejo de los manglares en el Pacífico de Centroamérica:/home/marcos/Dropbox/mangle_acuicultura/Cap_18.pdf:PDF},
  Journal                  = {Ecosistema de Manglar en Am{\'e}rica Tropical: Estructura, Funci{\'o}n y Manejo. Serie Cient{\'\i}fica}
}

@Article{JimenezLaguncularia,
  Title                    = {Laguncularia Racemosa (L.) Gaertn. f. Mangle blanco},
  Author                   = {Jiménez, Jorge A.},
  Pages                    = {4 p},
  URL                      = {http://www.fs.fed.us/global/iitf/Lagunculariaracemosa.pdf},
  Year                     = {1985},
  Journal                  = {U.S. Department of Agriculture, Forest Service, Southern Forest Experiment Station}
}

@Article{JimenezRhizophora,
  Title                    = {Rhizophora Mangle L. Mangle colorado},
  Author                   = {Jiménez, Jorge A.},
  Pages                    = {7 p},
  URL                      = {http://www.fs.fed.us/global/iitf/Rhizophoramangle.pdf},
  Year                     = {1985},
  Journal                  = {U.S. Department of Agriculture, Forest Service, Southern Forest Experiment Station.}
}

@Article{JimenezAvicennia,
  Title                    = {Avicennia germinans (L.) L. Mangle prieto},
  Author                   = {Jiménez, Jorge A. and Lugo, Ariel E.},
  Pages                    = {6 p},
  URL                      = {http://www.fs.fed.us/global/iitf/Avicenniagerminans.pdf},
  Year                     = {1985},
  Journal                  = {U.S. Department of Agriculture, Forest Service, Southern Forest Experiment Station}
}

@Article{JuelaSivisaca2013,
  Title                    = {Estudio multitemporal de la superficie ocupada para la cría de camarón en el Golfo de Fonseca, Honduras},
  Author                   = {Juela Sivisaca, Óscar and Corbelle Rico, Eduardo and Cordero Souto, Miguel},
  Pages                    = {149-162},
  Year                     = {2013},
  Journal                  = {Territorios a examen II: interpretando los procesos de cambio}
}

@Article{kokaly1999spectroscopic,
  Title                    = {Spectroscopic determination of leaf biochemistry using band-depth analysis of absorption features and stepwise multiple linear regression},
  Author                   = {Kokaly, Raymond F and Clark, Roger N},
  Number                   = {3},
  Pages                    = {267--287},
  Volume                   = {67},
  Year                     = {1999},
  Journal                  = {Remote Sensing of Environment},
  Publisher                = {Elsevier}
}

@Article{laborate2014,
  Title                    = {Investigación y sensibilización sobre la problemática de actividad acuícola insostenible y promoción de alternativas artesanales basadas en la economía social: puentes entre el Golfo de Fonseca (Centroamérica) y Galicia},
  Author                   = {LaboraTe and ISF},
  Year                     = {2014},
  Journal                  = {Consellería da Presidencia e Administración Pública}
}

@Book{labrador2012satelites,
  Title                    = {Sat{\'e}lites de Teledetecci{\'o}n para la gesti{\'o}n del territorio},
  Author                   = {Labrador Garc{\'\i}a, Mauricio and {\'E}vora Brondo, Juan Antonio and Arbelo P{\'e}rez, Manuel},
  Publisher                = {Consejeria de Agricultura, Ganadería, Pesca y Aguas del Gobierno de Canarias},
  Year                     = {2012}
}

@Article{lamport1994,
  Title                    = {LaTeX user's guide and reference manual (2{\textordfeminine} edici{\'o}n). Addison Welsley},
  Author                   = {Lamport, L},
  Year                     = {1994},
  Journal                  = {Reading, Mass}
}

@Article{Lara1999,
  Title                    = {Productividad secundaria, utilizaci{\'o}n del h{\'a}bitat y estructura tr{\'o}fica},
  Author                   = {Lara-Dom{\'\i}nguez, Ana Laura and Y{\'a}{\~n}ez-Arancibia, Alejandro and Y{\'a}{\~n}ez-Arancibia, A and Lara-Dom{\'\i}nguez, AL},
  Pages                    = {153--166},
  URL                      = {http://www1.inecol.edu.mx/ecosistemasdemanglar/cap_11.pdf},
  Year                     = {1999},
  File                     = {Productividad  secundaria, utilización del hábitat y estructura trófica:/home/marcos/Dropbox/mangle_acuicultura/cap_11.pdf:PDF},
  Journal                  = {Ecosistemas de Manglar en Am{\'e}rica Tropical. Instituto de Ecolog{\'\i}a AC M{\'e}xico, UICN/ORMA, Costa Rica, NOAA/NMFS Silver Spring, Maryland, USA}
}

@Article{lee2009applying,
  Title                    = {Applying remote sensing techniques to monitor shifting wetland vegetation: A case study of Danshui River estuary mangrove communities, Taiwan},
  Author                   = {Lee, Tsai-Ming and Yeh, Hui-Chung},
  Number                   = {4},
  Pages                    = {487--496},
  Volume                   = {35},
  Year                     = {2009},
  Journal                  = {Ecological engineering},
  Publisher                = {Elsevier}
}

@Book{Mas2005software,
  Title                    = {Software libre: t{\'e}cnicamente viable, econ{\'o}micamente sostenible y socialmente justo},
  Author                   = {Mas i Hern{\`a}ndez, Jordi},
  Publisher                = {Infonomia},
  URL                      = {http://gent.softcatala.org/jmas/swl/index-es.html},
  Year                     = {2005},
  File                     = {Software Libre:/home/marcos/Dropbox/Clase/TFG/01.Documentación/Software Libre.pdf:PDF}
}

@Book{MatellanOliveira2004,
  Title                    = {Sobre Software Libre (Ciencias Experimentales y Tecnología)},
  Author                   = {Matellán Oliveira, Vicente and González Barahona, Jesús M. and De Las Heras Quirós, Pedro and Robles Martínez, Gregorio},
  Month                    = {Julio},
  Publisher                = {Universidad Rey Juan Carlos},
  Series                   = {Ciencias Experimentales y Tecnología URJC},
  Volume                   = {2},
  Year                     = {2004}
}

@Book{neteler2002open,
  Title                    = {Open source GIS: a GRASS GIS approach},
  Author                   = {Neteler, Markus and Mitasova, Helena},
  Publisher                = {Springer Science \& Business Media},
  Year                     = {2002}
}

@Book{Olaya2010,
  Title                    = {Sistemas de Informacion Geografica},
  Author                   = {Victor Olaya},
  Publisher                = {Proyecto Libre},
  Year                     = {2010}
}

@Manual{QGIS_software,
  Title                    = {QGIS Geographic Information System},
  Author                   = {{QGIS Development Team}},
  Organization             = {Open Source Geospatial Foundation},
  URL                      = {http://qgis.osgeo.org},
  Year                     = {2009}
}

@Manual{R2013,
  Title                    = {R: A Language and Environment for Statistical Computing},
  Author                   = {{R Core Team}},
  Organization             = {R Foundation for Statistical Computing},
  URL                      = {http://www.R-project.org/},
  Year                     = {2013},
  Address                  = {Vienna, Austria}
}

@Manual{Ramsar2014,
  Title                    = {The List of Wetlands of International Importance},
  Author                   = {Ramsar},
  URL                      = {http://www.ramsar.org/sites/default/files/documents/library/sitelist.pdf},
  Year                     = {2014},
  File                     = {Lista Ramsar de humedales:/home/marcos/Dropbox/Clase/TFG/01.Documentación/Ramsar.pdf:PDF},
  Month                    = {September}
}

@Article{rouse1974,
  Title                    = {Monitoring the vernal advancements and retrogradation of natural vegetation},
  Author                   = {Rouse, JW and Haas, RH and Schell, JA and Deering, DW and Harlan, JC},
  Pages                    = {1--137},
  Year                     = {1974},
  Journal                  = {NASA/GSFC, Final Report, Greenbelt, MD, USA}
}

@Book{schowengerdt2006,
  Title                    = {Remote sensing: models and methods for image processing},
  Author                   = {Schowengerdt, Robert A},
  Publisher                = {Academic press},
  URL                      = {http://books.google.es/books?hl=es&lr=&id=KQXNaDH0X-IC&oi=fnd&pg=PP2&dq=%22Remote+Sensing+:+Models+and+Methods+for+Image+Processing%22&ots=smhVHPzeID&sig=pnCedsIZ1nMCdVcBLRmC7GSOMOM&redir_esc=y#v=onepage&q=%22Remote%20Sensing%20%3A%20Models%20and%20Methods%20for%20Image%20Processing%22&f=false},
  Year                     = {2006}
}

@Manual{stevens2014introduction,
  Title                    = {An introduction to the prospectr package},
  Author                   = {Stevens, Antoine and Ramirez--Lopez, Leonardo},
  Year                     = {2014}
}

@Article{underwood2003mapping,
  Title                    = {Mapping nonnative plants using hyperspectral imagery},
  Author                   = {Underwood, Emma and Ustin, Susan and DiPietro, Deanne},
  Number                   = {2},
  Pages                    = {150--161},
  Volume                   = {86},
  Year                     = {2003},
  Journal                  = {Remote Sensing of Environment},
  Publisher                = {Elsevier}
}

@Manual{USGS2015,
  Title                    = {Product Guide. Provisional Landsat 8 Surface Reflectance Product},
  Author                   = {USGS},
  Edition                  = {1.2},
  Organization             = {Department of the Interior U.S. Geological Survey},
  URL                      = {http://landsat.usgs.gov/documents/provisional_l8sr_product_guide.pdf},
  Year                     = {2015},
  Month                    = {March}
}

@Article{yanez1994,
  Title                    = {Los manglares de Am{\'e}rica Latina en la encrucijada},
  Author                   = {Y{\'a}nez-Arancibia, Alejandro and Lara-Dom{\'\i}nguez, Ana Laura},
  Pages                    = {3--7},
  URL                      = {http://www1.inecol.edu.mx/ecosistemasdemanglar/cap_3.pdf},
  Volume                   = {1},
  Year                     = {1994},
  File                     = {Los manglares en América Latina:/home/marcos/Dropbox/mangle_acuicultura/cap_3.pdf:PDF},
  Journal                  = {Faro}
}

